<?xml version="1.0" encoding="UTF-8"?><collection xmlns="http://www.loc.gov/MARC21/slim"><record><leader>00530nam--2200145-i-4500</leader><controlfield tag="001">000010938</controlfield><controlfield tag="002">20161230</controlfield><controlfield tag="005">20170207232026</controlfield><controlfield tag="008">060222s1000------------r-----000-0-eng-d</controlfield><datafield ind1=" " ind2=" " tag="100"><subfield code="a">D Anglemont De Tassigny, Christian</subfield></datafield><datafield ind1=" " ind2=" " tag="245"><subfield code="a">Analyse par activation aavec separations chimiques rapides, d elements mineurs (p, si al) en metallurgie, au moyen de neutrons de 14 mev</subfield></datafield><datafield ind1=" " ind2=" " tag="260"><subfield code="a">Grenoble</subfield><subfield code="b">Universite Scientifique Et Medicale De Grenoble</subfield><subfield code="c">1972</subfield></datafield><datafield ind1=" " ind2=" " tag="300"><subfield code="a">105 p</subfield></datafield><datafield ind1=" " ind2=" " tag="852"><subfield code="a">543.53(043):669(043)</subfield></datafield><datafield ind1=" " ind2=" " tag="CAT"><subfield code="a">SYS</subfield><subfield code="c">20170207</subfield><subfield code="h">232026</subfield></datafield></record></collection>